<?xml version="1.0" encoding="UTF-8" standalone="yes"?>
<Document xmlns="urn:iso:std:iso:20022:tech:xsd:pain.001.001.09" xmlns:xsi="http://www.w3.org/2001/XMLSchema-instance" xsi:schemaLocation="urn:iso:std:iso:20022:tech:xsd:pain.001.001.09">
    
    <CstmrCdtTrfInitn> <!--Инициация платежной инструкции-->
        
        <GrpHdr> <!--Набор платежных характеристик-->
            
            <CreDtTm>2024-05-31</CreDtTm><!--CBDOCUMENT.documentdate-->
            <NbOfTxs>1</NbOfTxs><!--Колличество транзакций-->
            <CtrlSum>1</CtrlSum><!--Контрольная сумма всех транзакций-->

            <InitgPty><!--Ініціатор-->
                <Nm></Nm>
                <Id>
                    <OrgId>
                        <Othr>
                            <Id></Id>
                            <SchmeNm>
                                <Prtry></Prtry>
                            </SchmeNm>
                        </Othr>
                    </OrgId>
                </Id>
            </InitgPty>

        </GrpHdr>   

        <PmtInf> <!--Плвтежная информация-->
            <PmtInfId></PmtInfId><!--Контроль корректности-->
            <NbOfTxs></NbOfTxs><!--Контроль корректности-->
            <PmtMtd></PmtMtd><!--Спосіб виконання платіжної інструкції. Контроль корректности--> 
            
            <Dbtr> <!-- Плательщик. Контроль корректности-->
                <Nm>ТОВ Прикарпатенерготрейд</Nm>
                <Id>
                    <PrvtId>
                        <Othr>
                            <Id>42129720</Id>
                            <SchmeNm>
                                <Prtry></Prtry>
                            </SchmeNm>
                        </Othr>
                    </PrvtId>
                </Id>
            </Dbtr>

            <DbtrAgt><!-- Агент платника. Контроль корректности-->
                <FinInstnId>
                    <ClrSysMmbId>
                        <ClrSysId>
                            <Prtry>МФО</Prtry>
                        </ClrSysId>
                        <MmbId>328168</MmbId>
                    </ClrSysMmbId>
                </FinInstnId>
            </DbtrAgt>            
            
            <ReqdExctnDt> 
                <Dt>2024-05-31</Dt><!--CBDOCUMENT.valuedate-->
            </ReqdExctnDt>
            
            <!--Рахунок Платника-->
            <DbtrAcct>
                <Id>
                    <IBAN>UA213281680000026009000005343</IBAN><!--CBDOCUMENT.accountid-->
                </Id>
            </DbtrAcct>
            
            <!--Реквізити трансакції-->
			 <!--главный документ-->
            <CdtTrfTxInf>
                
                <PmtId>                       
                    <EndToEndId></EndToEndId> <!--(CBDOCUMENT.documentno)-->   
                </PmtId>
                
                <Amt>                         
                    <InstdAmt Ccy="UAH">2</InstdAmt><!--(CBDOCUMENT.amount)2.6.3.1 Проінструктована сума-->
                </Amt>
                                

                <Cdtr><!--2.6.6 Отримувач-->

                    <Nm>ГУК в Iв.-Фр.об./ТГ Вигода/11010400	</Nm> 

                    <PstlAdr>                <!--(CBDOCUMENT.correspondent_ext)2.6.6.2 Місцезнаходження-->
                        <StrtNm></StrtNm>
                        <BldgNb></BldgNb>
                        <Room></Room>
                        <PstCd></PstCd>
                        <TwnNm></TwnNm>
                        <DstrctNm></DstrctNm>
                        <CtrySubDvsn></CtrySubDvsn>
                        <Ctry>UA148999980333159342000009602</Ctry>
                    </PstlAdr>
                         
                    <Id>                     <!--(CBDOCUMENT.correspondent_ext)2.6.6.3-->
                        <!--<PrvtId>
                            <DtAndPlcOfBirth>
                                <BirthDt></BirthDt>
                                <CityOfBirth></CityOfBirth>
                                <CtryOfBirth></CtryOfBirth>
                            </DtAndPlcOfBirth>
                            <Othr>
                                <Id></Id>
                                <SchmeNm>
                                    <Prtry></Prtry>
                                </SchmeNm>
                            </Othr>
                        </PrvtId>-->

                       <OrgId>
                            <Othr>
                                <Id>37951998</Id>
                                <SchmeNm>
                                    <Prtry></Prtry>
                                </SchmeNm>
                            </Othr>
                        </OrgId>
                    </Id>

                    <CtryOfRes>UA</CtryOfRes>  <!--(CBDOCUMENT.corrcauntryid)2.6.6.4 Країна резидентності-->
                    
                </Cdtr>
                
                <CdtrAcct><!--2.6.14 Рахунок Отримувача-->
                    <Id>
                        <IBAN>UA148999980333159342000009602</IBAN><!--(CBDOCUMENT.corraccountno)Рахунок Отримувача-->
                    </Id>
                </CdtrAcct>
                
               
                <RmtInf>  
                    <!-- 
                    <Ustrd>axcvxvcvcxcvxvxvxcsdff</Ustrd>
		             -->
                    <Strd>               
                        <TaxRmt>

                            <Rcrd>                  
                                <Tp></Tp>         
                                <Ctgy> </Ctgy>       
                                <CtgyDtls></CtgyDtls>
                                <CertId>101</CertId>    
                                <TaxAmt>
                                    <TtlAmt Ccy="UAH"></TtlAmt>
                                </TaxAmt>
                                <AddtlInf>Податок з доходів фізичних осіб (зелений тариф) за квітень 2024 р. Термін сплати 31.05.2024</AddtlInf>
                            </Rcrd>


                        </TaxRmt>
                        
                    </Strd>  
                          
                </RmtInf>

            </CdtTrfTxInf>
            
        </PmtInf>

    </CstmrCdtTrfInitn>

</Document>


